
@inproceedings{brockett-etal-2006-correcting,
    title = "Correcting {ESL} Errors Using Phrasal {SMT} Techniques",
    author = "Brockett, Chris  and
      Dolan, William B.  and
      Gamon, Michael",
    booktitle = "Proceedings of the 21st International Conference on Computational Linguistics and 44th Annual Meeting of the Association for Computational Linguistics",
    year = "2006",
    url = "https://www.aclweb.org/anthology/P06-1032",
    pages = "249--256",
}

@inproceedings{bryant-etal-2019-bea,
    title = "The {BEA}-2019 Shared Task on Grammatical Error Correction",
    author = "Bryant, Christopher  and
      Felice, Mariano  and
      Andersen, {\O}istein E.  and
      Briscoe, Ted",
    booktitle = "Proceedings of the Fourteenth Workshop on Innovative Use of NLP for Building Educational Applications",
    year = "2019",
    url = "https://www.aclweb.org/anthology/W19-4406",
    pages = "52--75",
}

@inproceedings{bryant-etal-2017-automatic,
    title = "Automatic Annotation and Evaluation of Error Types for Grammatical Error Correction",
    author = "Bryant, Christopher  and
      Felice, Mariano  and
      Briscoe, Ted",
    booktitle = "Proceedings of the 55th Annual Meeting of the Association for Computational Linguistics (Volume 1: Long Papers)",
    year = "2017",
    url = "https://www.aclweb.org/anthology/P17-1074",
    pages = "793--805",
}

@inproceedings{choe-etal-2019-neural,
    title = "A Neural Grammatical Error Correction System Built On Better Pre-training and Sequential Transfer Learning",
    author = "Choe, Yo Joong  and
      Ham, Jiyeon  and
      Park, Kyubyong  and
      Yoon, Yeoil",
    booktitle = "Proceedings of the Fourteenth Workshop on Innovative Use of NLP for Building Educational Applications",
    year = "2019",
    url = "https://www.aclweb.org/anthology/W19-4423",
    pages = "213--227",
}

@inproceedings{chollampatt-etal-2019-cross,
    title = "Cross-Sentence Grammatical Error Correction",
    author = "Chollampatt, Shamil  and
      Wang, Weiqi  and
      Ng, Hwee Tou",
    booktitle = "Proceedings of the 57th Annual Meeting of the Association for Computational Linguistics",
    year = "2019",
    url = "https://www.aclweb.org/anthology/P19-1042",
    pages = "435--445",
}

@inproceedings{dahlmeier-ng-2012-better,
    title = "Better Evaluation for Grammatical Error Correction",
    author = "Dahlmeier, Daniel  and
      Ng, Hwee Tou",
    booktitle = "Proceedings of the 2012 Conference of the North {A}merican Chapter of the Association for Computational Linguistics: Human Language Technologies",
    year = "2012",
    url = "https://www.aclweb.org/anthology/N12-1067",
    pages = "568--572",
}

@inproceedings{dahlmeier-etal-2013-building,
    title = "Building a Large Annotated Corpus of Learner {E}nglish: The {NUS} Corpus of Learner {E}nglish",
    author = "Dahlmeier, Daniel  and
      Ng, Hwee Tou  and
      Wu, Siew Mei",
    booktitle = "Proceedings of the Eighth Workshop on Innovative Use of {NLP} for Building Educational Applications",
    year = "2013",
    url = "https://www.aclweb.org/anthology/W13-1703",
    pages = "22--31",
}

@inproceedings{devlin-etal-2019-bert,
    title = "{BERT}: Pre-training of Deep Bidirectional Transformers for Language Understanding",
    author = "Devlin, Jacob  and
      Chang, Ming-Wei  and
      Lee, Kenton  and
      Toutanova, Kristina",
    booktitle = "Proceedings of the 2019 Conference of the North {A}merican Chapter of the Association for Computational Linguistics: Human Language Technologies, Volume 1 (Long and Short Papers)",
    year = "2019",
    url = "https://www.aclweb.org/anthology/N19-1423",
    pages = "4171--4186",
}

@inproceedings{flachs-etal-2019-noisy,
    title = "Noisy Channel for Low Resource Grammatical Error Correction",
    author = "Flachs, Simon  and
      Lacroix, Oph{\'e}lie  and
      S{\o}gaard, Anders",
    booktitle = "Proceedings of the Fourteenth Workshop on Innovative Use of NLP for Building Educational Applications",
    year = "2019",
    url = "https://www.aclweb.org/anthology/W19-4420",
    pages = "191--196",
}

@inproceedings{grundkiewicz-etal-2019-neural,
    title = "Neural Grammatical Error Correction Systems with Unsupervised Pre-training on Synthetic Data",
    author = "Grundkiewicz, Roman  and
      Junczys-Dowmunt, Marcin  and
      Heafield, Kenneth",
    booktitle = "Proceedings of the Fourteenth Workshop on Innovative Use of NLP for Building Educational Applications",
    year = "2019",
    url = "https://www.aclweb.org/anthology/W19-4427",
    pages = "252--263",
}

@article{hendrycks2016gelu,
  title={Gaussian Error Linear Units ({GELUs})},
  author={Hendrycks, Dan and Gimpel, Kevin},
  journal={arXiv preprint arXiv:1606.08415},
  year={2016},
  url={https://arxiv.org/abs/1606.08415}
}

@inproceedings{izumi-etal-2003-automatic,
    title = "Automatic Error Detection in the {J}apanese Learners{'} {E}nglish Spoken Data",
    author = "Izumi, Emi  and
      Uchimoto, Kiyotaka  and
      Saiga, Toyomi  and
      Supnithi, Thepchai  and
      Isahara, Hitoshi",
    booktitle = "The Companion Volume to the Proceedings of 41st Annual Meeting of the Association for Computational Linguistics",
    year = "2003",
    url = "https://www.aclweb.org/anthology/P03-2026",
    pages = "145--148",
}

@inproceedings{junczys-dowmunt-etal-2018-approaching,
    title = "Approaching Neural Grammatical Error Correction as a Low-Resource Machine Translation Task",
    author = "Junczys-Dowmunt, Marcin  and
      Grundkiewicz, Roman  and
      Guha, Shubha  and
      Heafield, Kenneth",
    booktitle = "Proceedings of the 2018 Conference of the North {A}merican Chapter of the Association for Computational Linguistics: Human Language Technologies, Volume 1 (Long Papers)",
    year = "2018",
    url = "https://www.aclweb.org/anthology/N18-1055",
    pages = "595--606",
}

@inproceedings{kiyono-etal-2019-empirical,
    title = "An Empirical Study of Incorporating Pseudo Data into Grammatical Error Correction",
    author = "Kiyono, Shun  and
      Suzuki, Jun  and
      Mita, Masato  and
      Mizumoto, Tomoya  and
      Inui, Kentaro",
    booktitle = "Proceedings of the 2019 Conference on Empirical Methods in Natural Language Processing and the 9th International Joint Conference on Natural Language Processing (EMNLP-IJCNLP)",
    year = "2019",
    url = "https://www.aclweb.org/anthology/D19-1119",
    pages = "1236--1242",
}

@article{lichtarge-etal-2020-data,
    title = "Data Weighted Training Strategies for Grammatical Error Correction",
    author = "Lichtarge, Jared  and
      Alberti, Chris  and
      Kumar, Shankar",
    journal = "Transactions of the Association for Computational Linguistics",
    volume = "8",
    year = "2020",
    url = "https://www.aclweb.org/anthology/2020.tacl-1.41",
    pages = "634--646",
}

@inproceedings{lichtarge-etal-2019-corpora,
    title = "Corpora Generation for Grammatical Error Correction",
    author = "Lichtarge, Jared  and
      Alberti, Chris  and
      Kumar, Shankar  and
      Shazeer, Noam  and
      Parmar, Niki  and
      Tong, Simon",
    booktitle = "Proceedings of the 2019 Conference of the North {A}merican Chapter of the Association for Computational Linguistics: Human Language Technologies, Volume 1 (Long and Short Papers)",
    year = "2019",
    url = "https://www.aclweb.org/anthology/N19-1333",
    pages = "3291--3301",
}

@article{DBLP:journals/corr/abs-1907-11692,
  author    = {Yinhan Liu and
               Myle Ott and
               Naman Goyal and
               Jingfei Du and
               Mandar Joshi and
               Danqi Chen and
               Omer Levy and
               Mike Lewis and
               Luke Zettlemoyer and
               Veselin Stoyanov},
  title     = {RoBERTa: {A} Robustly Optimized {BERT} Pretraining Approach},
  journal   = {CoRR},
  volume    = {abs/1907.11692},
  year      = {2019},
  url       = {http://arxiv.org/abs/1907.11692}
}

@inproceedings{DBLP:conf/iclr/LoshchilovH19,
  author    = {Ilya Loshchilov and
               Frank Hutter},
  title     = {Decoupled Weight Decay Regularization},
  booktitle = {7th International Conference on Learning Representations, {ICLR} 2019,
               New Orleans, LA, USA, May 6-9, 2019},
  year      = {2019},
  url       = {https://openreview.net/forum?id=Bkg6RiCqY7},
}

@article{miller1995wordnet,
  author = {Miller, George A},
  journal = {Communications of the ACM},
  number = 11,
  pages = {39--41},
  title = {WordNet: A Lexical Database for English},
  volume = 38,
  year = 1995
}

@inproceedings{mizumoto-etal-2012-effect,
    title = "The Effect of Learner Corpus Size in Grammatical Error Correction of {ESL} Writings",
    author = "Mizumoto, Tomoya  and
      Hayashibe, Yuta  and
      Komachi, Mamoru  and
      Nagata, Masaaki  and
      Matsumoto, Yuji",
    booktitle = "Proceedings of {COLING} 2012: Posters",
    year = "2012",
    url = "https://www.aclweb.org/anthology/C12-2084",
    pages = "863--872",
}

@inproceedings{napoles-etal-2015-ground,
    title = "Ground Truth for Grammatical Error Correction Metrics",
    author = "Napoles, Courtney  and
      Sakaguchi, Keisuke  and
      Post, Matt  and
      Tetreault, Joel",
    booktitle = "Proceedings of the 53rd Annual Meeting of the Association for Computational Linguistics and the 7th International Joint Conference on Natural Language Processing (Volume 2: Short Papers)",
    year = "2015",
    url = "https://www.aclweb.org/anthology/P15-2097",
    pages = "588--593",
}

@inproceedings{napoles-etal-2017-jfleg,
    title = "{JFLEG}: A Fluency Corpus and Benchmark for Grammatical Error Correction",
    author = "Napoles, Courtney  and
      Sakaguchi, Keisuke  and
      Tetreault, Joel",
    booktitle = "Proceedings of the 15th Conference of the {E}uropean Chapter of the Association for Computational Linguistics: Volume 2, Short Papers",
    year = "2017",
    url = "https://www.aclweb.org/anthology/E17-2037",
    pages = "229--234",
}

@inproceedings{ng-etal-2014-conll,
    title = "The {C}o{NLL}-2014 Shared Task on Grammatical Error Correction",
    author = "Ng, Hwee Tou  and
      Wu, Siew Mei  and
      Briscoe, Ted  and
      Hadiwinoto, Christian  and
      Susanto, Raymond Hendy  and
      Bryant, Christopher",
    booktitle = "Proceedings of the Eighteenth Conference on Computational Natural Language Learning: Shared Task",
    year = "2014",
    url = "https://www.aclweb.org/anthology/W14-1701",
    pages = "1--14",
}

@inproceedings{ng-etal-2013-conll,
    title = "The {C}o{NLL}-2013 Shared Task on Grammatical Error Correction",
    author = "Ng, Hwee Tou  and
      Wu, Siew Mei  and
      Wu, Yuanbin  and
      Hadiwinoto, Christian  and
      Tetreault, Joel",
    booktitle = "Proceedings of the Seventeenth Conference on Computational Natural Language Learning: Shared Task",
    year = "2013",
    url = "https://www.aclweb.org/anthology/W13-3601",
    pages = "1--12",
}

@inproceedings{post-2018-call,
    title = "A Call for Clarity in Reporting {BLEU} Scores",
    author = "Post, Matt",
    booktitle = "Proceedings of the Third Conference on Machine Translation: Research Papers",
    year = "2018",
    url = "https://www.aclweb.org/anthology/W18-6319",
    pages = "186--191",
}

@inproceedings{press-wolf-2017-using,
    title = "Using the Output Embedding to Improve Language Models",
    author = "Press, Ofir  and
      Wolf, Lior",
    booktitle = "Proceedings of the 15th Conference of the {E}uropean Chapter of the Association for Computational Linguistics: Volume 2, Short Papers",
    year = "2017",
    url = "https://www.aclweb.org/anthology/E17-2025",
    pages = "157--163",
}

@inproceedings{provilkov-etal-2020-bpe,
    title = "{BPE}-Dropout: Simple and Effective Subword Regularization",
    author = "Provilkov, Ivan  and
      Emelianenko, Dmitrii  and
      Voita, Elena",
    booktitle = "Proceedings of the 58th Annual Meeting of the Association for Computational Linguistics",
    year = "2020",
    url = "https://www.aclweb.org/anthology/2020.acl-main.170",
    pages = "1882--1892",
}

@inproceedings{rei-etal-2017-artificial,
    title = "Artificial Error Generation with Machine Translation and Syntactic Patterns",
    author = "Rei, Marek  and
      Felice, Mariano  and
      Yuan, Zheng  and
      Briscoe, Ted",
    booktitle = "Proceedings of the 12th Workshop on Innovative Use of {NLP} for Building Educational Applications",
    year = "2017",
    url = "https://www.aclweb.org/anthology/W17-5032",
    pages = "287--292",
}

@inproceedings{rozovskaya-roth-2010-training,
    title = "Training Paradigms for Correcting Errors in Grammar and Usage",
    author = "Rozovskaya, Alla  and
      Roth, Dan",
    booktitle = "Human Language Technologies: The 2010 Annual Conference of the North {A}merican Chapter of the Association for Computational Linguistics",
    year = "2010",
    url = "https://www.aclweb.org/anthology/N10-1018",
    pages = "154--162",
}

@inproceedings{rozovskaya-roth-2010-generating,
    title = "Generating Confusion Sets for Context-Sensitive Error Correction",
    author = "Rozovskaya, Alla  and
      Roth, Dan",
    booktitle = "Proceedings of the 2010 Conference on Empirical Methods in Natural Language Processing",
    year = "2010",
    url = "https://www.aclweb.org/anthology/D10-1094",
    pages = "961--970",
}

@inproceedings{salazar-etal-2020-masked,
    title = "Masked Language Model Scoring",
    author = "Salazar, Julian  and
      Liang, Davis  and
      Nguyen, Toan Q.  and
      Kirchhoff, Katrin",
    booktitle = "Proceedings of the 58th Annual Meeting of the Association for Computational Linguistics",
    year = "2020",
    url = "https://www.aclweb.org/anthology/2020.acl-main.240",
    pages = "2699--2712",
}

@inproceedings{sjobergh-2005,
    author = {Sjöbergh, Jonas and Knutsson, Ola},
    year = {2005},
    pages = {506--512},
    title = {Faking Errors to Avoid Making Errors: Very Weakly Supervised Learning for Error Detection in Writing},
    booktitle = {Proceedings of the International Conference on Recent Advances in Natural Language Processing},
}

@inproceedings{stahlberg-kumar-2020-seq2edits,
    title = "{S}eq2{E}dits: Sequence Transduction Using Span-level Edit Operations",
    author = "Stahlberg, Felix  and
      Kumar, Shankar",
    booktitle = "Proceedings of the 2020 Conference on Empirical Methods in Natural Language Processing (EMNLP)",
    year = "2020",
    url = "https://www.aclweb.org/anthology/2020.emnlp-main.418",
    pages = "5147--5159",
}

@inproceedings{stahlberg-kumar-2021-synthetic,
    title = "Synthetic Data Generation for Grammatical Error Correction with Tagged Corruption Models",
    author = "Stahlberg, Felix  and
      Kumar, Shankar",
    booktitle = "Proceedings of the 16th Workshop on Innovative Use of NLP for Building Educational Applications",
    year = "2021",
    url = "https://www.aclweb.org/anthology/2021.bea-1.4",
    pages = "37--47",
}

@inproceedings{NIPS2014_a14ac55a,
 author = {Sutskever, Ilya and Vinyals, Oriol and Le, Quoc V},
 booktitle = {Advances in Neural Information Processing Systems},
 title = {Sequence to Sequence Learning with Neural Networks},
 url = {https://proceedings.neurips.cc/paper/2014/file/a14ac55a4f27472c5d894ec1c3c743d2-Paper.pdf},
 volume = {27},
 year = {2014}
}

@inproceedings{NIPS2017_3f5ee243,
 author = {Vaswani, Ashish and Shazeer, Noam and Parmar, Niki and Uszkoreit, Jakob and Jones, Llion and Gomez, Aidan N and Kaiser, \L{}ukasz and Polosukhin, Illia},
 booktitle = {Advances in Neural Information Processing Systems},
 title = {Attention is All you Need},
 url = {https://proceedings.neurips.cc/paper/2017/file/3f5ee243547dee91fbd053c1c4a845aa-Paper.pdf},
 volume = {30},
 year = {2017}
}

@inproceedings{wan-etal-2020-improving,
    title = "Improving Grammatical Error Correction with Data Augmentation by Editing Latent Representation",
    author = "Wan, Zhaohong  and
      Wan, Xiaojun  and
      Wang, Wenguang",
    booktitle = "Proceedings of the 28th International Conference on Computational Linguistics",
    year = "2020",
    url = "https://www.aclweb.org/anthology/2020.coling-main.200",
    pages = "2202--2212",
}

@inproceedings{xie-etal-2018-noising,
    title = "Noising and Denoising Natural Language: Diverse Backtranslation for Grammar Correction",
    author = "Xie, Ziang  and
      Genthial, Guillaume  and
      Xie, Stanley  and
      Ng, Andrew  and
      Jurafsky, Dan",
    booktitle = "Proceedings of the 2018 Conference of the North {A}merican Chapter of the Association for Computational Linguistics: Human Language Technologies, Volume 1 (Long Papers)",
    year = "2018",
    url = "https://www.aclweb.org/anthology/N18-1057",
    pages = "619--628",
}

@inproceedings{xu-etal-2019-erroneous,
    title = "Erroneous data generation for Grammatical Error Correction",
    author = "Xu, Shuyao  and
      Zhang, Jiehao  and
      Chen, Jin  and
      Qin, Long",
    booktitle = "Proceedings of the Fourteenth Workshop on Innovative Use of NLP for Building Educational Applications",
    year = "2019",
    url = "https://www.aclweb.org/anthology/W19-4415",
    pages = "149--158",
}

@inproceedings{yannakoudakis-etal-2011-new,
    title = "A New Dataset and Method for Automatically Grading {ESOL} Texts",
    author = "Yannakoudakis, Helen  and
      Briscoe, Ted  and
      Medlock, Ben",
    booktitle = "Proceedings of the 49th Annual Meeting of the Association for Computational Linguistics: Human Language Technologies",
    year = "2011",
    url = "https://www.aclweb.org/anthology/P11-1019",
    pages = "180--189",
}

@inproceedings{yuan-briscoe-2016-grammatical,
    title = "Grammatical error correction using neural machine translation",
    author = "Yuan, Zheng  and
      Briscoe, Ted",
    booktitle = "Proceedings of the 2016 Conference of the North {A}merican Chapter of the Association for Computational Linguistics: Human Language Technologies",
    year = "2016",
    url = "https://www.aclweb.org/anthology/N16-1042",
    pages = "380--386",
}

